@article{beyer99when,
    author = "K. Beyer and J. Goldstein and R. Ramakrishnan and U. Shaft",
    title = "When Is ``Nearest Neighbor'' Meaningful?",
    journal = "Lecture Notes in Comp. Science",
    volume = "1540",
    pages = "217-235",
    year = "1999",
    url = "citeseer.ist.psu.edu/beyer99when.html" 
}

@article{shaft:tods06,
 author = {U. Shaft and R. Ramakrishnan},
 title = {Theory of nearest neighbors indexability},
 journal = {ACM Transactions on Database Systems},
 volume = {31},
 number = {3},
 year = {2006},
 pages = {814--838},
 publisher = {ACM},
 address = {New York, NY, USA},
}

@InProceedings{petitcolas,
  author =       {F. A. P. {Petitcolas et al}},
  title =        {A public automated web-based evaluation service for watermarking schemes: {StirMark} Benchmark},
  booktitle = {Proc.\ of Electronic Imaging, Security and Watermarking of Multimedia Contents III},
  address = {San Jose, CA, USA},
  year =         2001
}

@article{Amsaleg01,
  author    = {L. Amsaleg and P. Gros},
  title     = {Content-based Retrieval Using Local Descriptors: Problems
               and Issues from a Database Perspective},
  journal   = {Pattern Anal. Appl.},
  volume    = {4},
  number    = {2-3},
  year      = {2001},
}

@inproceedings{BAG,
  author    = {S.-A. Berrani and
               L. Amsaleg and
               P. Gros},
  title     = {Approximate searches: $k$-neighbors + precision},
  booktitle = {Proc. CIKM},
  address   = {New Orleans, LA, USA},
  year      = {2003}
}

@INPROCEEDINGS{binning, 
title={A Binning Scheme for Fast Hard Drive Based Image Search}, 
author={Fraundorfer, F. and Stew{\'{e}}nius, H. and Nist{\'{e}}r, D.}, 
booktitle={Proc. CVPR}, 
year={2007}, 
address = {Minneapolis, MN, USA}
}

@InProceedings{lostinquantization,
  author =       {Philbin, J. and Chum, O. and Isard, M. and Sivic, J. and Zisserman, A.},
  title =        {Lost in Quantization: Improving Particular Object Retrieval in Large Scale Image Databases},
  booktitle = {Proc. CVPR},
  year =         2008,
address = {Anchorage, AK, USA}
}

@ARTICLE{clindex,
  AUTHOR = {C. Li and E.Y. Chang and H. Garcia-Molina and G. Wiederhold},
  TITLE = {CLINDEX: Clustering for Approximate Similarity Search in High-Dimensional Spaces},
  YEAR = {2002},
  JOURNAL = {IEEE Trans. on Knowl. and Data Engineering},
  VOLUME = {14},
  NUMBER = {4}
}

@book{lsh,
  author =       {M. Datar and P. Indyk and N. Immorlica and V. Mirrokni},
  title =        {Locality-sensitive hashing using stable distributions},
  booktitle = {Nearest Neighbor Methods in Learning and Vision: Theory and Practice},
  publisher = {MIT Press},
  year =         2006,
}

@INPROCEEDINGS{pcasift, 
title={{PCA-SIFT}: A More Distinctive Representation for Local Image Descriptors}, 
author={Y. Ke and R. Sukthankar}, 
booktitle={Proc. CVPR}, 
year={2004}, 
address = {Washington, DC, USA}
}

@InProceedings{sukthankar,
  author = 	 {Y. Ke and R. Sukthankar and  L. Huston},
  title = 	 {Efficient Near-duplicate Detection and Sub-image Retrieval},
  booktitle =	 {Proc.\  ACM Multimedia},
  year = 2004,
  address = {New York, NY, USA}
 }

@inproceedings{Herwig6,
	author = "H. Lejsek and F. H. {\'{A}}smundsson and B. {\TH}. J{\'{o}}nsson and L. Amsaleg",
 	title = "Scalability of local image descriptors: a comparative study",
 	booktitle = "Proc.\  ACM Multimedia",
 	year = "2006",
 	address= "Santa Barbara, CA, USA",
}

@inproceedings{chierichetti,
	author    = {F. Chierichetti and A. Panconesi and P. Raghavan and M. Sozio and A. Tiberi and E. Upfal},
 	title     = {Finding Near Neighbors Through Cluster Pruning},
 	booktitle = {Proc.\  PODS},
 	year      =  2007,
 	address   = {Beijing, China},
}

@article{tpami,
  author    = {H. Lejsek and F. H. {\'{A}}smundsson and B. {\TH}. J{\'{o}}nsson and L. Amsaleg},
  title     = {{NV-tree}: An Efficient Disk-Based Index for Approximate Search in Very Large High-Dimensional Collections},
  journal   = {IEEE TPAMI},
  volume    = 31,
  number    = 5,
  year      = {2009},
}

@Article{SIFT04,
  author =   {D. G. Lowe},
  title =   {Distinctive Image Features from Scale-Invariant Keypoints},
  journal =   {IJCV},
  year =   2004,
  volume =  60,
  number =  2,
  pages =  {91-110}
}

@inproceedings{EMMA,
  author    = {R. Sigur{\dh}ardottir and H. Hauksson and B. {\TH}. J{\'{o}}nsson and L. Amsaleg},
  title     = {A Case Study of the Quality vs.\ Time Trade-off for Approximate Image Descriptor Search},
  booktitle ={Proc.\ IEEE EMMA workshop},
  year      = {2005},
  address   = {Tokyo, Japan},
}

@InProceedings{DJSAS09,
  author       = "M. Douze and H. J\'egou and H. Singh and L. Amsaleg and C. Schmid",
  title        = "Evaluation of {GIST} descriptors for web-scale image search",
  booktitle    = "Proc. CIVR",
  year         = "2009",
address = {Island of Santorini, Greece}
}

@InProceedings{10.1109/CVPR.2006.264,
author = {D. Nist\'er and H.K Stew\'enius},
title = {Scalable Recognition with a Vocabulary Tree},
booktitle={Proc. CVPR},
year = {2006},
address = {New York, NY, USA}
}

@InProceedings{10.1109/ICCV.2003.1238663,
author = {J. Sivic and A. Zisserman},
title = {Video Google: A Text Retrieval Approach to Object Matching in Videos},
booktitle={Proc. ICCV},
year = {2003},
address = {Nice, France}
}

@inproceedings{DBLP:conf/cvpr/PhilbinCISZ07,
  author    = {J. Philbin and
               O. Chum and
               M. Isard and
               J. Sivic and
               A. Zisserman},
  title     = {Object retrieval with large vocabularies and fast spatial
               matching},
  booktitle = {Proc. CVPR},
  year      = {2007},
  ee        = {http://dx.doi.org/10.1109/CVPR.2007.383172},
address = {Mineapolis, MN, USA}

}